4232 5385
827 656 1058 726 larum
1102 670 1222 722 aut
1264 649 1624 721 linearum
1673 666 2244 721 transversamm
2288 644 2564 734 notatij⁹
2616 646 3005 745 pellucidi,
3032 630 3441 742 scaberah,
3490 651 3616 720 fla-

832 805 1223 860 vescentes.
1323 785 1654 858 Annulzos
1684 782 1945 856 nullus.
2037 782 2476 878 operculum
2519 782 2853 881 capsulae
2903 782 3254 889 dimidiae
3299 782 3413 857 vix
3452 781 3615 861 lon-

834 918 1204 1018 gitudine,
1257 919 1526 991 conico
1578 918 2023 990 subulatum.

1126 1053 1407 1128 Habitu
1480 1053 1740 1129 similis
1799 1050 2156 1125 Tortulae
2209 1054 2482 1141 rurali,
2553 1053 2684 1126 sed
2721 1055 3055 1159 ‚omnino
3115 1051 3426 1128 Barbula
3484 1073 3615 1144 est,

841 1186 941 1261 ob
992 1186 1256 1263 dentes
1289 1188 1382 1262 ad
1419 1189 1629 1262 basiu
1674 1211 1904 1284 usque
1955 1185 2183 1256 fissos.
2341 1189 2350 1196 ’

941 1322 1124 1397 Tab.
1153 1320 1593 1400 CCXCVII.
1640 1323 1764 1419 fig.
1815 1349 1872 1394 1.
1916 1320 2210 1419 plantae
2241 1320 2550 1394 naturali
2576 1320 3099 1420 magnitudine.
3168 1324 3294 1421 fig.
3341 1348 3405 1394 2.
3440 1345 3625 1418 apex

1047 1459 1231 1533 rami
1272 1486 1444 1534 cum
1490 1457 1734 1557 calyce
1782 1475 2037 1528 auctus
2088 1476 2217 1530 ter.
2289 1459 2408 1553 fig.
2441 1471 2514 1531 ·3.
2566 1457 2747 1531 folia
2795 1479 3000 1532 aucta
3046 1480 3326 1558 quater.
3396 1457 3516 1554 fig.
3553 1461 3622 1529 4.

1046 1597 1281 1689 basis,
1336 1597 1402 1666 5.
1453 1617 1633 1689 apex
1675 1589 1874 1683 folii,
1937 1590 2016 1661 in
2065 1617 2218 1689 quo
2251 1611 2448 1666 totus
2497 1618 2743 1690 margo
2795 1594 3048 1693 planus
3065 1648 3089 1683 ,
3151 1618 3298 1666 non
3348 1614 3428 1664 ut
3475 1593 3626 1692 ple'-

1052 1754 1360 1829 rumque
1396 1749 1526 1817 est,
1580 1726 1954 1799 involutus
1992 1726 2378 1822 reperitur,
2432 1729 2625 1801 aucti
2663 1727 2889 1802 56ies.
2954 1732 3075 1828 fig.
3111 1731 3180 1801 6.
3219 1727 3478 1801 solium
3515 1710 3630 1799 ca-

1053 1863 1371 1968 lycinum
1407 1863 1756 1951 interim,
1812 1884 1943 1954 per
1969 1856 2242 1930 vimiu
2275 1859 2436 1933 basi
2473 1864 2956 1963 explanatum,
3003 1882 3296 1936 auctum
3352 1882 3634 1963 quater.

1050 2001 1169 2097 fig.
1210 2028 1273 2093 7.
1323 1994 1658 2095 vaginula
1699 2014 1906 2066 aucta
1948 2014 2083 2071 ter.
2168 1995 2290 2094 fig.
2324 2001 2393 2068 8.
2442 2000 2764 2098 capsula,
2844 2024 2910 2093 9.
2959 1998 3320 2098 calyptra,
3382 2019 3632 2071 auctae

1062 2155 1192 2206 ter.
1291 2135 1410 2232 fig.
1465 2157 1575 2203 ιο.
1644 2128 2056 2228 peristomii
2121 2154 2287 2228 pars
2367 2153 2578 2206 aucta
2655 2132 3066 2233 quinquies.
3172 2164 3282 2206 11.
3337 2135 3636 2233 peristo-

986 2358 1000 2372 ·
1060 2268 1190 2339 mii
1242 2293 1443 2365 pars,
1511 2261 1859 2337 dentibus
1917 2262 2109 2336 ultra
2171 2264 2378 2338 basin
2429 2267 2758 2360 resectis,
2826 2268 2952 2368 fig.
3000 2298 3107 2342 ια.
3156 2269 3413 2345 dentis·
3447 2269 3635 2367 peri-

1062 2401 1309 2476 stomii
1367 2426 1547 2498 apex
1605 2396 1825 2472 aucti.
1853 2400 2076 2471 56ies.
