<?xml version="1.0" encoding="UTF-8"?>
<!DOCTYPE html PUBLIC "-//W3C//DTD XHTML 1.0 Transitional//EN"
    "http://www.w3.org/TR/xhtml1/DTD/xhtml1-transitional.dtd">
<html xmlns="http://www.w3.org/1999/xhtml" xml:lang="en" lang="en">
 <head>
  <title>
</title>
<meta http-equiv="Content-Type" content="text/html;charset=utf-8" />
  <meta name='ocr-system' content='tesseract 3.04.00' />
  <meta name='ocr-capabilities' content='ocr_page ocr_carea ocr_par ocr_line ocrx_word'/>
</head>
<body>
  <div class='ocr_page' id='page_1' title='image "./joannishedwigsp00hedwgoog_0113.png"; bbox 0 0 4232 5385; ppageno 0'>
   <div class='ocr_carea' id='block_1_1' title="bbox 1279 1077 2722 1329">
    <p class='ocr_par' dir='ltr' id='par_1_1' title="bbox 1279 1077 2722 1329">
     <span class='ocr_line' id='line_1_1' title="bbox 1279 1077 2722 1192; baseline 0.001 -37"><span class='ocrx_word' id='word_1_1' title='bbox 1279 1077 1811 1157; x_wconf 85' lang='lat' dir='ltr'>HYPNUM</span> <span class='ocrx_word' id='word_1_2' title='bbox 1894 1078 2722 1192; x_wconf 66' lang='lat' dir='ltr'><strong>UNDULATUM.</strong></span> 
     </span>
     <span class='ocr_line' id='line_1_2' title="bbox 1549 1250 2440 1329; baseline 0 -4"><span class='ocrx_word' id='word_1_3' title='bbox 1549 1250 1734 1328; x_wconf 67' lang='lat' dir='ltr'>crab.</span> <span class='ocrx_word' id='word_1_4' title='bbox 1784 1251 2310 1329; x_wconf 76' lang='lat' dir='ltr'>chxxxn.</span> <span class='ocrx_word' id='word_1_5' title='bbox 2368 1256 2440 1327; x_wconf 83' lang='lat' dir='ltr'>b.</span> 
     </span>
    </p>
   </div>
   <div class='ocr_carea' id='block_1_2' title="bbox 528 1430 3371 2643">
    <p class='ocr_par' dir='ltr' id='par_1_2' title="bbox 528 1430 3371 1838">
     <span class='ocr_line' id='line_1_3' title="bbox 595 1430 3371 1560; baseline 0.002 -26"><span class='ocrx_word' id='word_1_6' title='bbox 595 1485 898 1535; x_wconf 68' lang='lat' dir='ltr'>HYPNUM</span> <span class='ocrx_word' id='word_1_7' title='bbox 946 1463 1481 1560; x_wconf 80' lang='lat' dir='ltr'>procumbens,</span> <span class='ocrx_word' id='word_1_8' title='bbox 1550 1465 1750 1538; x_wconf 88' lang='lat' dir='ltr'>foliis</span> <span class='ocrx_word' id='word_1_9' title='bbox 1799 1466 2137 1539; x_wconf 76' lang='lat' dir='ltr'>bifariam</span> <span class='ocrx_word' id='word_1_10' title='bbox 2204 1466 2598 1540; x_wconf 78' lang='lat' dir='ltr'>imbricatis</span> <span class='ocrx_word' id='word_1_11' title='bbox 2653 1430 3371 1542; x_wconf 63' lang='lat' dir='ltr'>ovate-lanceolatis</span> 
     </span>
     <span class='ocr_line' id='line_1_4' title="bbox 528 1580 3166 1699; baseline 0.002 -31"><span class='ocrx_word' id='word_1_12' title='bbox 528 1580 534 1587; x_wconf 37' lang='lat'><strong>⁴</strong></span> <span class='ocrx_word' id='word_1_13' title='bbox 800 1596 1230 1670; x_wconf 84' lang='lat' dir='ltr'>bincrvibus</span> <span class='ocrx_word' id='word_1_14' title='bbox 1279 1597 1575 1697; x_wconf 81' lang='lat' dir='ltr'>crispis,</span> <span class='ocrx_word' id='word_1_15' title='bbox 1644 1601 1937 1698; x_wconf 80' lang='lat' dir='ltr'><strong>capsula</strong></span> <span class='ocrx_word' id='word_1_16' title='bbox 1987 1622 2423 1694; x_wconf 84' lang='lat' dir='ltr'>transversa,</span> <span class='ocrx_word' id='word_1_17' title='bbox 2483 1602 2831 1699; x_wconf 87' lang='lat' dir='ltr'>operculo</span> <span class='ocrx_word' id='word_1_18' title='bbox 2879 1603 3166 1675; x_wconf 87' lang='lat' dir='ltr'>conico.</span> 
     </span>
     <span class='ocr_line' id='line_1_5' title="bbox 599 1725 3369 1838; baseline 0.001 -35"><span class='ocrx_word' id='word_1_19' title='bbox 599 1725 956 1834; x_wconf 73' lang='lat' dir='ltr'>Hypnuni&#39;</span> <span class='ocrx_word' id='word_1_20' title='bbox 987 1735 1419 1804; x_wconf 78' lang='lat' dir='ltr'><em>undulatam</em></span> <span class='ocrx_word' id='word_1_21' title='bbox 1471 1733 1683 1833; x_wconf 86' lang='lat' dir='ltr'>Spec.</span> <span class='ocrx_word' id='word_1_22' title='bbox 1717 1763 1941 1812; x_wconf 84' lang='lat' dir='ltr'>musc.</span> <span class='ocrx_word' id='word_1_23' title='bbox 1975 1743 2148 1809; x_wconf 74' lang='lat'>242.</span> <span class='ocrx_word' id='word_1_24' title='bbox 2200 1764 2368 1809; x_wconf 86' lang='lat' dir='ltr'>cum</span> <span class='ocrx_word' id='word_1_25' title='bbox 2406 1736 2842 1837; x_wconf 84' lang='lat' dir='ltr'>synonymis.</span> <span class='ocrx_word' id='word_1_26' title='bbox 2892 1735 3137 1810; x_wconf 79' lang='lat' dir='ltr'><strong>Hook.</strong></span> <span class='ocrx_word' id='word_1_27' title='bbox 3165 1736 3369 1838; x_wconf 78' lang='lat' dir='ltr'>Tayl.</span> 
     </span>
    </p>

    <p class='ocr_par' dir='ltr' id='par_1_3' title="bbox 590 1866 3367 2643">
     <span class='ocr_line' id='line_1_6' title="bbox 795 1866 3367 1971; baseline 0.001 -31"><span class='ocrx_word' id='word_1_28' title='bbox 795 1866 1095 1940; x_wconf 88' lang='lat' dir='ltr'>muscol.</span> <span class='ocrx_word' id='word_1_29' title='bbox 1135 1866 1311 1942; x_wconf 86' lang='lat' dir='ltr'>Brit.</span> <span class='ocrx_word' id='word_1_30' title='bbox 1361 1894 1431 1964; x_wconf 86' lang='lat' dir='ltr'>p.</span> <span class='ocrx_word' id='word_1_31' title='bbox 1466 1893 1588 1961; x_wconf 79' lang='lat'>92.</span> <span class='ocrx_word' id='word_1_32' title='bbox 1641 1888 1687 1943; x_wconf 90' lang='lat' dir='ltr'>t.</span> <span class='ocrx_word' id='word_1_33' title='bbox 1723 1874 1839 1947; x_wconf 81' lang='lat'>24.</span> <span class='ocrx_word' id='word_1_34' title='bbox 1914 1869 2157 1966; x_wconf 84' lang='lat' dir='ltr'>Mong.</span> <span class='ocrx_word' id='word_1_35' title='bbox 2205 1890 2276 1943; x_wconf 89' lang='lat' dir='ltr'>et</span> <span class='ocrx_word' id='word_1_36' title='bbox 2321 1869 2551 1943; x_wconf 85' lang='lat' dir='ltr'>Nestl.</span> <span class='ocrx_word' id='word_1_37' title='bbox 2591 1891 2820 1971; x_wconf 80' lang='lat' dir='ltr'>crypt.</span> <span class='ocrx_word' id='word_1_38' title='bbox 2868 1869 2937 1942; x_wconf 86' lang='lat' dir='ltr'><strong>V</strong></span> <span class='ocrx_word' id='word_1_39' title='bbox 2942 1870 3367 1967; x_wconf 84' lang='lat' dir='ltr'>ogesorhen.</span> 
     </span>
     <span class='ocr_line' id='line_1_7' title="bbox 796 1973 2143 2079; baseline 0.001 -2"><span class='ocrx_word' id='word_1_40' title='bbox 796 2032 865 2077; x_wconf 88' lang='lat' dir='ltr'>n.</span> <span class='ocrx_word' id='word_1_41' title='bbox 902 2010 1021 2077; x_wconf 87' lang='lat'>45.</span> <span class='ocrx_word' id='word_1_42' title='bbox 1090 1973 1887 2078; x_wconf 42' lang='lat' dir='ltr'>Funk‘herbarsmusc.</span> <span class='ocrx_word' id='word_1_43' title='bbox 1948 2010 2143 2079; x_wconf 51' lang='lat'>252.</span> 
     </span>
     <span class='ocr_line' id='line_1_8' title="bbox 591 2138 3363 2239; baseline -0.001 -25"><span class='ocrx_word' id='word_1_44' title='bbox 591 2141 677 2214; x_wconf 93' lang='lat' dir='ltr'>In</span> <span class='ocrx_word' id='word_1_45' title='bbox 724 2138 924 2213; x_wconf 90' lang='lat' dir='ltr'>silvis</span> <span class='ocrx_word' id='word_1_46' title='bbox 973 2138 1217 2211; x_wconf 88' lang='lat' dir='ltr'>densis</span> <span class='ocrx_word' id='word_1_47' title='bbox 1266 2139 1676 2232; x_wconf 77' lang='lat' dir='ltr'>umbrosis,</span> <span class='ocrx_word' id='word_1_48' title='bbox 1749 2139 2084 2239; x_wconf 84' lang='lat' dir='ltr'>inprimis</span> <span class='ocrx_word' id='word_1_49' title='bbox 2122 2139 2437 2214; x_wconf 87' lang='lat' dir='ltr'>acerosis</span> <span class='ocrx_word' id='word_1_50' title='bbox 2483 2138 2682 2212; x_wconf 85' lang='lat' dir='ltr'>orbis</span> <span class='ocrx_word' id='word_1_51' title='bbox 2721 2138 3050 2235; x_wconf 85' lang='lat' dir='ltr'>antiqui,</span> <span class='ocrx_word' id='word_1_52' title='bbox 3119 2139 3363 2237; x_wconf 83' lang='lat' dir='ltr'>Aprili</span> 
     </span>
     <span class='ocr_line' id='line_1_9' title="bbox 794 2273 1410 2353; baseline 0 -6"><span class='ocrx_word' id='word_1_53' title='bbox 794 2273 1271 2347; x_wconf 79' lang='lat' dir='ltr'>fructiferum.</span> <span class='ocrx_word' id='word_1_54' title='bbox 1322 2278 1410 2353; x_wconf 63' lang='lat'>24.</span> 
     </span>
     <span class='ocr_line' id='line_1_10' title="bbox 892 2407 3362 2510; baseline -0.002 -25"><span class='ocrx_word' id='word_1_55' title='bbox 892 2409 1261 2507; x_wconf 87' lang='lat' dir='ltr'>Caespites</span> <span class='ocrx_word' id='word_1_56' title='bbox 1314 2408 1806 2508; x_wconf 86' lang='lat' dir='ltr'>spithamaeos</span> <span class='ocrx_word' id='word_1_57' title='bbox 1847 2411 1967 2485; x_wconf 84' lang='lat' dir='ltr'>vel</span> <span class='ocrx_word' id='word_1_58' title='bbox 2012 2407 2350 2510; x_wconf 81' lang='lat' dir='ltr'>pedales,</span> <span class='ocrx_word' id='word_1_59' title='bbox 2417 2411 2658 2483; x_wconf 89' lang='lat' dir='ltr'>minus</span> <span class='ocrx_word' id='word_1_60' title='bbox 2702 2426 2898 2481; x_wconf 85' lang='lat' dir='ltr'>arcte</span> <span class='ocrx_word' id='word_1_61' title='bbox 2950 2429 3362 2507; x_wconf 89' lang='lat' dir='ltr'>compactos</span> 
     </span>
     <span class='ocr_line' id='line_1_11' title="bbox 590 2542 3362 2643; baseline -0.002 -23"><span class='ocrx_word' id='word_1_62' title='bbox 590 2565 664 2620; x_wconf 88' lang='lat' dir='ltr'>et</span> <span class='ocrx_word' id='word_1_63' title='bbox 711 2544 1339 2632; x_wconf 70' lang='lat' dir='ltr'>tenuioreS‚sistit.</span> <span class='ocrx_word' id='word_1_64' title='bbox 1446 2548 1685 2620; x_wconf 78' lang='lat' dir='ltr'>Caulis</span> <span class='ocrx_word' id='word_1_65' title='bbox 1735 2570 1862 2619; x_wconf 86' lang='lat' dir='ltr'>sex</span> <span class='ocrx_word' id='word_1_66' title='bbox 1908 2542 2003 2617; x_wconf 87' lang='lat' dir='ltr'>ad</span> <span class='ocrx_word' id='word_1_67' title='bbox 2049 2566 2220 2619; x_wconf 91' lang='lat' dir='ltr'>octo</span> <span class='ocrx_word' id='word_1_68' title='bbox 2251 2546 2501 2619; x_wconf 86' lang='lat' dir='ltr'>uncias</span> <span class='ocrx_word' id='word_1_69' title='bbox 2548 2546 2849 2643; x_wconf 84' lang='lat' dir='ltr'>longus,</span> <span class='ocrx_word' id='word_1_70' title='bbox 2898 2562 3213 2643; x_wconf 86' lang='lat' dir='ltr'>quatuor</span> <span class='ocrx_word' id='word_1_71' title='bbox 3245 2544 3362 2622; x_wconf 66' lang='lat' dir='ltr'>vel</span> 
     </span>
    </p>
   </div>
   <div class='ocr_carea' id='block_1_3' title="bbox 472 2677 3363 2781">
    <p class='ocr_par' dir='ltr' id='par_1_4' title="bbox 472 2677 3363 2781">
     <span class='ocr_line' id='line_1_12' title="bbox 472 2677 3363 2781; baseline -0.001 -29"><span class='ocrx_word' id='word_1_72' title='bbox 472 2682 487 2696; x_wconf 85' lang='lat'><em>&#39;</em></span> <span class='ocrx_word' id='word_1_73' title='bbox 588 2702 737 2755; x_wconf 86' lang='lat' dir='ltr'>tres</span> <span class='ocrx_word' id='word_1_74' title='bbox 780 2678 1010 2753; x_wconf 90' lang='lat' dir='ltr'>lineas</span> <span class='ocrx_word' id='word_1_75' title='bbox 1059 2680 1282 2775; x_wconf 88' lang='lat' dir='ltr'>latus,</span> <span class='ocrx_word' id='word_1_76' title='bbox 1344 2677 1830 2776; x_wconf 84' lang='lat' dir='ltr'><strong>decumbens,</strong></span> <span class='ocrx_word' id='word_1_77' title='bbox 1892 2680 2135 2755; x_wconf 88' lang='lat' dir='ltr'>media</span> <span class='ocrx_word' id='word_1_78' title='bbox 2183 2704 2385 2781; x_wconf 88' lang='lat' dir='ltr'>parte</span> <span class='ocrx_word' id='word_1_79' title='bbox 2431 2680 2818 2755; x_wconf 87' lang='lat' dir='ltr'>fasciculos</span> <span class='ocrx_word' id='word_1_80' title='bbox 2870 2677 3363 2752; x_wconf 88' lang='lat' dir='ltr'>radicularum</span> 
     </span>
    </p>
   </div>
   <div class='ocr_carea' id='block_1_4' title="bbox 588 2813 3363 3998">
    <p class='ocr_par' dir='ltr' id='par_1_5' title="bbox 588 2813 3363 3998">
     <span class='ocr_line' id='line_1_13' title="bbox 588 2813 3358 2916; baseline -0.001 -28"><span class='ocrx_word' id='word_1_81' title='bbox 588 2816 1071 2914; x_wconf 89' lang='lat' dir='ltr'>paucissimos</span> <span class='ocrx_word' id='word_1_82' title='bbox 1102 2841 1466 2909; x_wconf 85' lang='lat' dir='ltr'>exserens,</span> <span class='ocrx_word' id='word_1_83' title='bbox 1500 2814 1885 2914; x_wconf 84' lang='lat' dir='ltr'>aliquoties</span> <span class='ocrx_word' id='word_1_84' title='bbox 1917 2814 2195 2891; x_wconf 83' lang='lat' dir='ltr'>divisus</span> <span class='ocrx_word' id='word_1_85' title='bbox 2226 2819 2305 2891; x_wconf 89' lang='lat' dir='ltr'>in</span> <span class='ocrx_word' id='word_1_86' title='bbox 2341 2817 2660 2891; x_wconf 88' lang='lat' dir='ltr'>ramulos</span> <span class='ocrx_word' id='word_1_87' title='bbox 2686 2813 3218 2916; x_wconf 81' lang='lat' dir='ltr'>subsimplices,</span> <span class='ocrx_word' id='word_1_88' title='bbox 3253 2813 3358 2884; x_wconf 87' lang='lat' dir='ltr'>bi-</span> 
     </span>
     <span class='ocr_line' id='line_1_14' title="bbox 589 2947 3360 3050; baseline -0.002 -26"><span class='ocrx_word' id='word_1_89' title='bbox 589 2949 910 3024; x_wconf 86' lang='lat' dir='ltr'>unciales</span> <span class='ocrx_word' id='word_1_90' title='bbox 960 2951 1425 3050; x_wconf 40' lang='lat' dir='ltr'>enunciales.</span> <span class='ocrx_word' id='word_1_91' title='bbox 1520 2954 1735 3024; x_wconf 79' lang='lat' dir='ltr'>Folia</span> <span class='ocrx_word' id='word_1_92' title='bbox 1779 2950 2036 3048; x_wconf 79' lang='lat' dir='ltr'>densa,</span> <span class='ocrx_word' id='word_1_93' title='bbox 2087 2952 2425 3026; x_wconf 84' lang='lat' dir='ltr'>bifariam</span> <span class='ocrx_word' id='word_1_94' title='bbox 2471 2950 2890 3044; x_wconf 81' lang='lat' dir='ltr'>imbricata&#39;,</span> <span class='ocrx_word' id='word_1_95' title='bbox 2943 2947 3360 3037; x_wconf 84' lang='lat' dir='ltr'>ovato-lan-</span> 
     </span>
     <span class='ocr_line' id='line_1_15' title="bbox 591 3080 3363 3187; baseline -0.003 -25"><span class='ocrx_word' id='word_1_96' title='bbox 591 3088 906 3181; x_wconf 88' lang='lat' dir='ltr'>ceolata,</span> <span class='ocrx_word' id='word_1_97' title='bbox 958 3085 1241 3178; x_wconf 87' lang='lat' dir='ltr'>brevia,</span> <span class='ocrx_word' id='word_1_98' title='bbox 1292 3086 1453 3159; x_wconf 71' lang='lat' dir='ltr'>basi</span> <span class='ocrx_word' id='word_1_99' title='bbox 1502 3084 1994 3183; x_wconf 88' lang='lat' dir='ltr'>planiuscula,</span> <span class='ocrx_word' id='word_1_100' title='bbox 2036 3087 2241 3187; x_wconf 85' lang='lat' dir='ltr'>apice</span> <span class='ocrx_word' id='word_1_101' title='bbox 2289 3089 2366 3162; x_wconf 85' lang='lat' dir='ltr'>iu</span> <span class='ocrx_word' id='word_1_102' title='bbox 2418 3086 2615 3160; x_wconf 92' lang='lat' dir='ltr'>sicco</span> <span class='ocrx_word' id='word_1_103' title='bbox 2664 3106 2851 3159; x_wconf 89' lang='lat' dir='ltr'>statu</span> <span class='ocrx_word' id='word_1_104' title='bbox 2903 3083 3187 3181; x_wconf 81' lang='lat' dir='ltr'>aliquot</span> <span class='ocrx_word' id='word_1_105' title='bbox 3227 3080 3363 3181; x_wconf 84' lang='lat' dir='ltr'>pli-</span> 
     </span>
     <span class='ocr_line' id='line_1_16' title="bbox 591 3216 3360 3333; baseline -0.004 -37"><span class='ocrx_word' id='word_1_106' title='bbox 591 3221 693 3296; x_wconf 88' lang='lat' dir='ltr'>cis</span> <span class='ocrx_word' id='word_1_107' title='bbox 718 3220 1162 3308; x_wconf 76' lang='lat' dir='ltr'>‚transversis</span> <span class='ocrx_word' id='word_1_108' title='bbox 1206 3219 1600 3312; x_wconf 79' lang='lat' dir='ltr'>undulata,</span> <span class='ocrx_word' id='word_1_109' title='bbox 1654 3217 2160 3333; x_wconf 78' lang='lat' dir='ltr'>integerrima,</span> <span class='ocrx_word' id='word_1_110' title='bbox 2205 3222 2480 3319; x_wconf 87' lang='lat' dir='ltr'>pallide</span> <span class='ocrx_word' id='word_1_111' title='bbox 2529 3218 2832 3312; x_wconf 82' lang='lat' dir='ltr'>viridia,</span> <span class='ocrx_word' id='word_1_112' title='bbox 2884 3216 3230 3289; x_wconf 85' lang='lat' dir='ltr'>inferiora</span> <span class='ocrx_word' id='word_1_113' title='bbox 3261 3216 3360 3287; x_wconf 90' lang='lat' dir='ltr'>al-</span> 
     </span>
     <span class='ocr_line' id='line_1_17' title="bbox 590 3337 3354 3453; baseline -0.003 -24"><span class='ocrx_word' id='word_1_114' title='bbox 590 3353 1141 3430; x_wconf 78' lang='lat' dir='ltr'>bida-viridia:</span> <span class='ocrx_word' id='word_1_115' title='bbox 1197 3354 1437 3427; x_wconf 88' lang='lat' dir='ltr'>nervis</span> <span class='ocrx_word' id='word_1_116' title='bbox 1473 3353 1708 3446; x_wconf 81' lang='lat' dir='ltr'>binis,</span> <span class='ocrx_word' id='word_1_117' title='bbox 1757 3356 2317 3453; x_wconf 76' lang='lat' dir='ltr'>approximatis,</span> <span class='ocrx_word' id='word_1_118' title='bbox 2372 3356 2554 3430; x_wconf 89' lang='lat' dir='ltr'>folio</span> <span class='ocrx_word' id='word_1_119' title='bbox 2602 3352 2824 3452; x_wconf 82' lang='lat' dir='ltr'>triplo</span> <span class='ocrx_word' id='word_1_120' title='bbox 2854 3337 3354 3422; x_wconf 77' lang='lat' dir='ltr'>brevioribus:</span> 
     </span>
     <span class='ocr_line' id='line_1_18' title="bbox 589 3479 3357 3593; baseline -0.004 -29"><span class='ocrx_word' id='word_1_121' title='bbox 589 3491 870 3593; x_wconf 86' lang='lat' dir='ltr'>cellulis</span> <span class='ocrx_word' id='word_1_122' title='bbox 920 3490 1352 3583; x_wconf 77' lang='lat' dir='ltr'>linearibus,</span> <span class='ocrx_word' id='word_1_123' title='bbox 1410 3487 1912 3561; x_wconf 87' lang='lat' dir='ltr'>terminalibus</span> <span class='ocrx_word' id='word_1_124' title='bbox 1967 3494 2443 3591; x_wconf 83' lang='lat' dir='ltr'>perangustis.</span> <span class='ocrx_word' id='word_1_125' title='bbox 2545 3495 2800 3565; x_wconf 74' lang='lat' dir='ltr'>Flores·</span> <span class='ocrx_word' id='word_1_126' title='bbox 2847 3485 3128 3579; x_wconf 86' lang='lat' dir='ltr'>dioeci,</span> <span class='ocrx_word' id='word_1_127' title='bbox 3192 3479 3357 3575; x_wconf 68' lang='lat' dir='ltr'>r&#39;ari,</span> 
     </span>
     <span class='ocr_line' id='line_1_19' title="bbox 591 3618 3358 3724; baseline -0.003 -26"><span class='ocrx_word' id='word_1_128' title='bbox 591 3626 810 3698; x_wconf 86' lang='lat' dir='ltr'>etiam</span> <span class='ocrx_word' id='word_1_129' title='bbox 855 3624 934 3696; x_wconf 90' lang='lat' dir='ltr'>in</span> <span class='ocrx_word' id='word_1_130' title='bbox 975 3625 1303 3697; x_wconf 83' lang='lat' dir='ltr'>caulibus</span> <span class='ocrx_word' id='word_1_131' title='bbox 1354 3624 1750 3698; x_wconf 83' lang='lat' dir='ltr'>fructiferis</span> <span class='ocrx_word' id='word_1_132' title='bbox 1798 3627 2055 3724; x_wconf 88' lang='lat' dir='ltr'>pauci,</span> <span class='ocrx_word' id='word_1_133' title='bbox 2119 3628 2483 3701; x_wconf 86' lang='lat' dir='ltr'>masculus</span> <span class='ocrx_word' id='word_1_134' title='bbox 2534 3623 2758 3700; x_wconf 88' lang='lat' dir='ltr'>caulis</span> <span class='ocrx_word' id='word_1_135' title='bbox 2805 3648 2955 3694; x_wconf 90' lang='lat' dir='ltr'>non</span> <span class='ocrx_word' id='word_1_136' title='bbox 3009 3618 3358 3710; x_wconf 79' lang='lat' dir='ltr'>diversuS‚</span> 
     </span>
     <span class='ocr_line' id='line_1_20' title="bbox 591 3750 3359 3860; baseline -0.002 -29"><span class='ocrx_word' id='word_1_137' title='bbox 591 3758 732 3834; x_wconf 83' lang='lat' dir='ltr'>nisi</span> <span class='ocrx_word' id='word_1_138' title='bbox 781 3760 1064 3832; x_wconf 89' lang='lat' dir='ltr'>minore</span> <span class='ocrx_word' id='word_1_139' title='bbox 1117 3759 1595 3860; x_wconf 86' lang='lat' dir='ltr'>longitudine.</span> <span class='ocrx_word' id='word_1_140' title='bbox 1691 3766 1945 3837; x_wconf 65' lang='lat' dir='ltr'>Florea-</span> <span class='ocrx_word' id='word_1_141' title='bbox 1972 3768 2274 3836; x_wconf 74' lang='lat' dir='ltr'>masculi</span> <span class='ocrx_word' id='word_1_142' title='bbox 2315 3764 2618 3854; x_wconf 91' lang='lat' dir='ltr'>minuti,</span> <span class='ocrx_word' id='word_1_143' title='bbox 2668 3761 2866 3833; x_wconf 86' lang='lat' dir='ltr'>foliis</span> <span class='ocrx_word' id='word_1_144' title='bbox 2897 3754 3202 3828; x_wconf 88' lang='lat' dir='ltr'>caulinis</span> <span class='ocrx_word' id='word_1_145' title='bbox 3234 3750 3359 3826; x_wconf 86' lang='lat' dir='ltr'>de-</span> 
     </span>
     <span class='ocr_line' id='line_1_21' title="bbox 596 3893 3353 3998; baseline -0.003 -31"><span class='ocrx_word' id='word_1_146' title='bbox 596 3897 815 3994; x_wconf 90' lang='lat' dir='ltr'>cuplo</span> <span class='ocrx_word' id='word_1_147' title='bbox 867 3896 1228 3984; x_wconf 84' lang='lat' dir='ltr'>minores,</span> <span class='ocrx_word' id='word_1_148' title='bbox 1280 3899 1504 3989; x_wconf 83' lang='lat' dir='ltr'>ovati,</span> <span class='ocrx_word' id='word_1_149' title='bbox 1573 3896 1745 3970; x_wconf 87' lang='lat' dir='ltr'>lati:</span> <span class='ocrx_word' id='word_1_150' title='bbox 1809 3900 2010 3992; x_wconf 86' lang='lat' dir='ltr'>solia</span> <span class='ocrx_word' id='word_1_151' title='bbox 2052 3901 2264 3998; x_wconf 90' lang='lat' dir='ltr'>plura</span> <span class='ocrx_word' id='word_1_152' title='bbox 2304 3926 2521 3998; x_wconf 87' lang='lat' dir='ltr'>quam</span> <span class='ocrx_word' id='word_1_153' title='bbox 2557 3893 2853 3994; x_wconf 82' lang='lat' dir='ltr'>viginti,</span> <span class='ocrx_word' id='word_1_154' title='bbox 2907 3910 3353 3965; x_wconf 87' lang='lat' dir='ltr'>ovato-acu-</span> 
     </span>
    </p>
   </div>
   <div class='ocr_carea' id='block_1_5' title="bbox 595 4025 3354 4225">
    <p class='ocr_par' dir='ltr' id='par_1_6' title="bbox 595 4025 3354 4225">
     <span class='ocr_line' id='line_1_22' title="bbox 595 4025 3354 4129; baseline -0.002 -27"><span class='ocrx_word' id='word_1_155' title='bbox 595 4030 900 4123; x_wconf 88' lang='lat' dir='ltr'>minata,</span> <span class='ocrx_word' id='word_1_156' title='bbox 944 4033 1310 4129; x_wconf 82' lang='lat' dir='ltr'>aequalia,</span> <span class='ocrx_word' id='word_1_157' title='bbox 1362 4033 1688 4128; x_wconf 85' lang='lat' dir='ltr'>enervia,</span> <span class='ocrx_word' id='word_1_158' title='bbox 1737 4034 2233 4108; x_wconf 66' lang='lat' dir='ltr'>imaum-rima:</span> <span class='ocrx_word' id='word_1_159' title='bbox 2299 4037 2658 4108; x_wconf 77' lang='lat' dir='ltr'>antloerae</span> <span class='ocrx_word' id='word_1_160' title='bbox 2694 4025 3354 4123; x_wconf 82' lang='lat' dir='ltr'>tereti-oblongae,</span> 
     </span>
     <span class='ocr_line' id='line_1_23' title="bbox 927 4141 2726 4225; baseline -0.001 -5"><span class='ocrx_word' id='word_1_161' title='bbox 927 4165 1509 4222; x_wconf 77' lang='lat' dir='ltr'>Tab.CCLxxx11.</span> <span class='ocrx_word' id='word_1_162' title='bbox 1558 4169 1617 4225; x_wconf 83' lang='lat' dir='ltr'>b.</span> <span class='ocrx_word' id='word_1_163' title='bbox 2723 4141 2726 4144; x_wconf 78' lang='grc'><strong>’</strong></span> 
     </span>
    </p>
   </div>
  </div>
 </body>
</html>
