4232 5385
1028 702 1155 778 Ad
1219 702 1564 775 arborum
1620 720 1912 776 truncos
1959 698 2035 771 in
2087 667 2315 795 reg-no
2364 693 2589 800 Nipal
2663 695 2912 776 Indiae
2978 700 3251 778 lectum
3318 702 3525 778 dedit
3574 705 3694 779 Pr.

1125 837 1454 915 Hooker.
1516 844 1601 921 21..

1234 976 1476 1049 caulis
1530 968 2030 1069 semipedalis,
2092 969 2482 1069 aliquoties
2528 968 2843 1062 divisus,
2890 967 3195 1045 inferius
3246 972 3528 1069 calvus,
3585 969 3706 1049 de·

922 1112 1132 1206 bilis,
1201 1106 1602 1208 pendulus,
1669 1106 2136 1206 bipinnatus:
2216 1104 2512 1180 ramulis
2571 1101 2903 1199 alternis,
2987 1086 3259 1203 pellice
3330 1107 3704 1209 plerisque

929 1246 1362 1324 minoribus.
1450 1243 1663 1316 Folia
1710 1239 1935 1317 caulis
1983 1240 2182 1337 laxa,
2264 1240 2471 1340 apice
2523 1238 2972 1339 quandoque
3025 1241 3316 1340 patula,
3384 1244 3500 1317 vel
3552 1267 3705 1317 sae·

928 1384 1094 1482 pius
1153 1380 1446 1471 falcata,
1507 1395 1718 1452 ovata
1781 1376 1899 1448 vel
1961 1396 2176 1450 ovato
2233 1375 2679 1472 lanceolata3
2764 1399 3008 1450 ramea
3069 1375 3231 1450 laxe
3288 1376 3701 1467 imbricata,

933 1515 1354 1591 octofariam
1414 1510 2071 1606 erecto-patentia,
2129 1509 2337 1611 apice
2385 1511 2737 1607 incurvo,
2800 1509 3146 1600 ohovata,
3198 1529 3446 1605 acuta,
3505 1508 3705 1585 ante-

932 1650 1281 1751 gerrima,
1349 1646 1424 1719 in
1474 1642 1798 1719 conchae
1847 1642 2163 1717 formam
2226 1669 2578 1740 concava,
2644 1644 2973 1743 margine
3005 1642 3318 1736 infle103
3384 1642 3707 1719 siccitate

932 1783 1298 1876 tristi-iata,
1329 1779 1782 1872 latescentia,
1821 1778 2107 1852 seniora
2155 1758 2941 1854 viridi-fuscaz'nervo
2983 1803 3245 1870 crasso,
3300 1779 3542 1879 paullo
3576 1777 3708 1852 ob-

927 1920 1208 1993 scurius
1258 1913 1630 2006 colorato,
1677 1937 1930 1986 versus
1974 1914 2255 2011 apicem
2305 1934 2815 1989 evanescente:
2869 1913 3151 1989 cellulis
3200 1913 3541 2002 minutis,
3585 1912 3706 1986 ab·

925 2052 1290 2127 breviatis.
1395 2050 1650 2122 Flet-ea
1709 2043 1989 2138 dioeci,
2071 2076 2237 2121 nam
2300 2049 2549 2148 plures
2607 2050 2853 2123 caules
2917 2053 3214 2128 curiose
3273 2045 3705 2149 perquisivi,

926 2189 1207 2289 absque
1262 2210 1386 2277 ee,
1468 2205 1552 2255 ut
1611 2203 1898 2279 praeter
1958 2185 2175 2255 ssores
2232 2184 2590 2258 femineos
2645 2182 2926 2281 aliquid
2993 2181 3496 2261 florescentiae
3558 2206 3700 2261 ex-

930 2324 1270 2420 piscarer.
1374 2317 1636 2391 Flet-es
1650 2316 1976 2411 feminei
2008 2314 2423 2391 terminales
2472 2316 2548 2389 in
2608 2339 2856 2390 ramo:
2914 2319 3126 2410 soliis
3161 2320 3452 2395 circiter
3501 2316 3709 2394 sede-

933 2456 1080 2531 cim
1138 2453 1591 2530 caulinorum
1651 2448 2019 2526 similibus
2084 2450 2216 2524 sed
2275 2450 2736 2549 longioribus
2804 2470 2881 2527 et
2932 2477 3160 2528 nervo
3231 2454 3478 2553 paullo
3542 2453 3708 2529 lon·

937 2590 1142 2691 giore
1193 2613 1328 2663 nec
1381 2606 1619 2660 tamen
1675 2583 1921 2683 ipsum
1983 2585 2264 2684 apicem
2321 2583 2716 2684 attingente
2783 2585 3091 2682 ornatis,
3146 2585 3706 2681 ‚castaneo-lu-

936 2725 1398 2803 tescentibus.
1485 2725 1766 2799 Pistilla
1818 2719 2262 2816 duodecim,
2338 2719 2661 2813 minuta,
2713 2743 3050 2818 curvata,
3125 2747 3397 2811 crassa,
3462 2722 3732 2799 fuscat

936 2860 1119 2962 stylo
1156 2884 1440 2944 crasso,
1501 2858 1839 2956 stigmate
1882 2855 2198 2954 simplici
2239 2853 2521 2929 albido.
2601 2859 3068 2955 Paraphyses
3100 2883 3392 2959 paucae,
3457 2859 3711 2935 filifor-

938 3019 1135 3089 mes,
1175 2991 1502 3066 articulis
1541 2991 2004 3065 brevioribus
2046 2991 2201 3064 fere
2246 3015 2465 3091 quam
2506 2989 2935 3089 latioribus,
2987 2991 3247 3070 luteae.
3350 2998 3708 3093 Vaginu-

934 3135 1049 3223 Ia,
1129 3126 1432 3202 insolito
1493 3126 1865 3225 exemplo,
1935 3123 2309 3223 depressa,
2387 3123 3518 3224 hemisphaerico-disciformis,
3600 3129 3709 3229 pi-

940 3264 1149 3337 stillis
1194 3260 1584 3337 emarcidis
1618 3280 1837 3349 tecta,
1882 3258 2313 3358 ferruginea.
2408 3263 2868 3334 Pedunculus
2909 3261 3026 3336 vix
3073 3289 3113 3337 e
3155 3263 3488 3358 vaginula
3535 3290 3709 3365 pro·

939 3403 1261 3490 minens,
1327 3397 1611 3490 tenuis,
1679 3396 1917 3469 virens
1968 3394 2043 3465 in
2096 3391 2387 3468 iuniore
2444 3393 2764 3493 capsula.
2872 3400 3188 3494 Gzpsula
3247 3400 3709 3500 subglobosa,

941 3552 1279 3630 apertura
1331 3531 1696 3604 tantillum
1744 3525 2185 3630 prominula,
2235 3526 2492 3622 laevis,
2537 3529 2780 3605 virens
2826 3530 2906 3606 in
2946 3530 3237 3610 iuniore
3280 3554 3531 3630 aetate,
3564 3555 3709 3610 sto·

942 3686 1139 3741 mate
1172 3686 1246 3740 et
1281 3663 1579 3763 cingulo
1609 3662 1866 3738 baseos
1894 3661 2133 3757 fusco,
2183 3683 2463 3736 matura
2495 3687 2584 3738 ex
2613 3663 2964 3742 Hookero
3006 3669 3397 3748 rufofusca.
3477 3673 3707 3768 Oper-

820 3883 825 3890 ,
933 3805 1170 3877 culum
1222 3799 1633 3876 orbiculare
1677 3795 2253 3897 planiusculum‚
2310 3822 2568 3878 centro
2611 3804 2977 3880 tantillum
3021 3807 3418 3903 elevatum,
3490 3807 3707 3882 rufo·

932 3938 1242 4013 fuscum.
1319 3938 1739 4011 Peristomii
1759 3939 2006 4009 dentes
2032 3959 2118 4010 ex
2140 3934 2499 4013 Hookero
2542 3936 2909 4030 sedecim,
2957 3941 3472 4039 horizontales,
3520 3969 3702 4019 nun-

935 4099 1155 4170 quam
1207 4069 1467 4164 erccti,
1516 4071 1929 4167 lanc-colati,
1986 4075 2445 4149 transversim
2491 4076 2788 4174 sulcati,
2831 4077 3034 4154 lutei.
3313 4055 3324 4070 ⁶
