4232 5385
909 623 1285 723 turgidae,
1333 622 1799 698 antl.erarum
1845 628 2212 729 crassitie,
2261 632 2584 707 articulis
2636 640 3138 736 superioribus
3190 649 3692 742 crassioribus,

908 760 1386 834 inferioribus
1441 757 1935 834 filiformibus.
2083 770 2423 840 Feminei
2459 773 2687 862 floris
2738 774 2951 864 fidia
3017 778 3323 854 caulinis
3400 786 3688 882 similia,

910 890 1192 992 gravidi
1237 893 1591 993 longiora.
1690 899 2171 993 Paraplfyses
2220 902 2742 1000 paucissimae,
2791 906 3212 1006 filiformes,
3265 938 3388 989 aut
3423 920 3688 994 nullae.

912 1031 1289 1125 Vaginula
1319 1048 1544 1122 teres,
1590 1026 1939 1129 'capsulae
1984 1032 2486 1132 longitudine,
2539 1020 2759 1110 fusca.
2862 1046 3321 1122 Pedunculus
3357 1054 3694 1144 uncialiS,

793 1256 798 1260 ι
909 1166 1308 1256 flexuosuS,
1352 1164 1631 1235 cellulis
1673 1166 2113 1261 prominulis
2144 1170 2425 1261 scaber,
2477 1198 2516 1244 e
2552 1172 2951 1250 lutescente
2996 1157 3472 1282 ferrugineus·
3563 1191 3696 1261 Ca-

897 1297 1130 1391 psula
1177 1316 1414 1368 erecta
1470 1298 1548 1370 iu
1600 1299 1939 1373 IIooke1·i
1992 1304 2515 1399 speciminibus
2529 1364 2555 1400 ‚
2602 1329 2897 1381 curvata
2941 1311 3018 1382 in
3066 1294 3287 1412 meis,
3341 1296 3693 1424 ol>longa3

904 1430 1301 1527 apophysis
1349 1430 1747 1530 obconica,
1793 1435 2129 1535 capsulae
2180 1438 2643 1536 longitudine
2689 1464 2762 1516 et
2791 1443 3193 1523 latitudine.
3276 1458 3696 1529 Peristomii

903 1571 1153 1638 dentes
1204 1565 1389 1637 infra
1435 1564 1803 1639 orificium
1845 1555 2185 1667 capsulae
2231 1571 2519 1668 adnati,
2588 1573 2717 1648 sed
2762 1580 3065 1655 summis
3103 1606 3304 1660 certe
3354 1589 3687 1687 apicibus

903 1702 981 1772 iu
1026 1700 1364 1790 humida,
1414 1699 1655 1773 media
1682 1728 1811 1772 sua
1857 1723 2062 1799 parte
2111 1704 2189 1776 in
2231 1703 2424 1780 sicca
2470 1730 2541 1783 et
2589 1738 2721 1812 per
2771 1712 3178 1791 siccitatem
3228 1722 3341 1819 (ut
3384 1750 3547 1799 mos
3581 1748 3689 1801 est

896 1816 1452 1932 s1›lachnorum)
1482 1834 1898 1908 abbreviata
1928 1839 2262 1937 capsula,
2313 1867 2402 1945 ex
2443 1843 2728 1918 orificio
2758 1850 3348 1942 prominentibus
3388 1877 3461 1929 et
3490 1879 3687 1935 extra

896 1966 1086 2040 illud
1112 1988 1518 2040 extrorsum
1538 1969 1838 2067 reflexiS‚
1866 1998 2000 2070 per
2034 1972 2227 2071 paria
2247 1977 2755 2073 approximati,
2788 1980 3517 2081 lineari-lanceolati,
3557 1996 3688 2067 ob·

897 2102 1297 2190 tusiusculi,
1329 2102 1571 2196 crassi,
1604 2103 1767 2175 basi
1797 2103 2153 2201 pellucidi
2186 2128 2259 2179 et
2289 2108 2566 2205 pallide
2602 2110 2833 2209 badii,
2862 2118 3150 2214 apicem
3194 2148 3444 2197 versus
3472 2127 3684 2226 fusci,

895 2237 1145 2335 opaci:
1203 2234 1420 2305 sulcis
1452 2234 1878 2310 transversis
1921 2237 2181 2333 nulliS‚
2234 2240 2992 2331 cellularum-tantum
3024 2256 3427 2351 parietibus
3460 2282 3696 2335 trans-r

894 2370 1116 2443 versis
1158 2366 1658 2461 evidentibus,
1715 2370 1921 2444 sulco
1966 2373 2294 2447 verticali
2343 2356 2810 2487 quandoques
2832 2387 3263 2485 conspicuo.
3365 2397 3687 2491 Opercu..

889 2510 1040 2577 lum
1073 2502 1452 2593 conicum,
1508 2504 1883 2603 capsulae,
1938 2528 2288 2606 quantum
2319 2502 2925 2617 seminifera'est,
2977 2522 3229 2613 colore
3281 2549 3353 2600 et
3395 2527 3519 2602 vix
3573 2530 3680 2605 di..

891 2636 1117 2711 midia
1149 2636 1624 2738 longitudine.
1695 2642 2058 2740 Calyptra
2100 2642 2423 2742 primum
2452 2645 2708 2719 conica
2719 2701 2748 2756 ‚³
2791 2648 3092 2729 demum
3125 2661 3675 2760 tereti-conica,

886 2777 1111 2850 latere
1142 2778 1333 2870 fissa,
1382 2776 1622 2850 maior
1654 2804 1876 2879 quam
1907 2777 1986 2849 in
2019 2777 2393 2880 plerisque
2426 2779 2822 2886 splachnis,
2859 2787 3281 2890 pallescenS‚
3310 2797 3572 2875 albida.

987 2908 1174 2981 Tab.
1225 2909 1630 2986 CCLXIII.
1691 2913 1807 3008 fig.
1852 2940 1912 2981 1.
1977 2909 2267 3008 plantae
2306 2917 2621 2989 naturali
2670 2895 3195 3016 magnitudine.
3272 2932 3394 3030 fig.
3423 2959 3490 3008 2.
3544 2935 3674 3010 fo·—

1087 3011 1270 3083 lium
1303 3011 1529 3083 caulis
1562 3033 1857 3085 auctum
1890 3034 2169 3113 quater.
2235 3018 2354 3116 fig.
2387 3022 2455 3093 5.
2494 3018 2725 3113 basis',
2783 3028 2852 3094 4.
2905 3020 3213 3103 dimidia
3246 3059 3409 3130 pars
3441 3038 3669 3135 apicis

1092 3134 1344 3188 auctae
1378 3115 1606 3200 4oies.
1660 3118 1782 3213 fig.
1815 3120 1885 3188 5.
1925 3143 2110 3214 apex
2139 3119 2785 3202 canliacum-flore
2819 3130 3167 3224 masculo,
3209 3136 3336 3233 fig.
3368 3141 3438 3210 6.
3466 3142 3668 3214 floris

1084 3217 1390 3292 masculi
1431 3217 1697 3291 folium
1748 3218 2089 3291 intimum
2135 3248 2307 3295 cum
2353 3223 2730 3319 ambesis.
2765 3249 3060 3327 auctu-m
3103 3257 3379 3332 quater.
3441 3244 3564 3339 fig.
3602 3273 3666 3339 7.

1091 3318 1429 3394 antherae
1476 3342 1549 3394 et
1578 3321 2012 3423 par-aphyses
2046 3346 2302 3398 auctae
2357 3325 2580 3418 mles,
2643 3331 2769 3427 fig.
2807 3336 2874 3418 8.
2920 3335 3122 3411 floris
3153 3338 3454 3416 feminei
3485 3345 3667 3420 folia

1083 3422 1235 3495 duo
1275 3451 1447 3495 cum
1488 3425 1823 3521 vaginula
1864 3445 1938 3498 et
1981 3425 2297 3530 calyptra
2335 3427 2617 3512 novella
2639 3483 2666 3518 ,
2728 3434 2852 3530 fig.
2893 3458 2968 3528 9.
3002 3442 3295 3534 capsula
3328 3443 3665 3520 iuvenilis

1085 3525 1417 3620 paullum
1446 3524 1846 3620 difformis,
1917 3553 2030 3599 10.
2063 3528 2335 3623 adulta,
2379 3535 2627 3620 auctae
2659 3533 2947 3632 quater.
3001 3542 3124 3636 fig.
3167 3574 3192 3616 1
3219 3575 3278 3615 ι.
3329 3552 3664 3647 operculi

1085 3627 1257 3701 icon
1300 3625 1788 3704 Hookeriana.
1869 3631 1988 3730 fig.
2042 3654 2153 3703 12.
2200 3635 2540 3730 capsulae
2585 3638 2933 3734 superior.
2967 3668 3129 3738 pars
3176 3647 3268 3719 ab
3310 3648 3662 3730 interiore

1080 3729 1270 3803 facie
1306 3751 1738 3828 conspecta,
1795 3759 1966 3806 cum
2007 3731 2350 3807 dentibus
2394 3736 2713 3815 duorum
2744 3744 3080 3841 parium,
3129 3751 3460 3846 apicibus
3505 3781 3662 3830 ver·

1079 3861 1202 3905 sus
1233 3853 1609 3907 externum
1637 3834 1974 3932 capsulae
2005 3836 2349 3935 parietem
2385 3841 2708 3932 reflexis,
2771 3847 2891 3945 fig.
2935 3853 3048 3921 15.
3083 3849 3414 3927 dentium
3451 3858 3658 3959 paria

1082 3934 1234 4010 duo
1254 3963 1422 4010 cum
1450 3935 1792 4031 dimidio,
1825 3966 1866 4011 a
1893 3940 2223 4037 capsulae
2242 3941 2518 4042 pariete
2546 3944 2836 4025 interno
2865 3950 3107 4050 excisi,
3142 3977 3351 4031 aucta
3373 3982 3648 4060 quater.

1081 4041 1200 4137 fig.
1247 4055 1356 4127 14.
1406 4038 1739 4115 dentium
1769 4043 1973 4141 paria
2005 4040 2160 4117 duo
2192 4066 2400 4118 aucta
2433 4049 2666 4125 56ies.
2709 4121 2712 4124 .
