4232 5385
1334 1295 1869 1395 HYPNUM
1951 1293 2768 1376 PACHYPOMA.
2878 1261 2887 1268 ’

1420 1448 1426 1453 ’
1588 1468 2545 1545 Tah.chxxxv11.h.

668 1734 973 1785 mmmm
1028 1734 1287 1807 repens
1338 1706 1848 1782 brevissimum
1888 1707 2447 1807 subpinnatum‚
2497 1706 2695 1781 soliis
2738 1707 3272 1789 remotiusculis
3300 1721 3449 1796 lan·
3689 1806 3710 1819 s

875 1844 1156 1918 ceolato
1186 1886 1237 1903 -
1268 1842 1697 1916 acuminatis
1764 1841 2309 1942 ruptinervibus
2377 1842 2705 1933 serratis,
2775 1847 3126 1945 operculo
3184 1859 3448 1933 tereti-
3573 1782 3684 1901 is

872 1978 1139 2051 conico
1195 1979 1485 2052 obtuso.

673 2144 1028 2249 Hypnum
1076 2148 1576 2243 pacly‘poma.
1640 2143 1901 2222 Hedw.
1934 2146 2175 2244 suppl.
2205 2172 2432 2220 musc.
2492 2177 2549 2220 ι.
2584 2171 2651 2218 2.
2698 2172 2771 2244 p.
2806 2152 2981 2242 259.

675 2314 980 2390 Lectum
1034 2312 1517 2414 probabiliter
1566 2312 1644 2384 in
1689 2309 2067 2405 Amet-ica,
2115 2310 2207 2383 ad
2253 2281 2540 2385 terram.
2588 2309 2705 2384 Pr.
2743 2311 3102 2392 Desvaux.
3153 2330 3239 2398 28..

999 2482 1447 2583 Descriptio,
1498 2507 1719 2580 quam
1765 2481 1811 2555 l.
1846 2506 1910 2553 c.
1960 2479 2281 2575 exhibui,
2329 2506 2415 2554 ex
2446 2506 2604 2553 asse
2637 2482 2984 2557 convenit
3011 2513 3179 2562 curn
3209 2489 3450 2591 icone,

569 2680 583 2694 .
676 2645 899 2720 quam
947 2636 1112 2717 post
1164 2617 1519 2692 tredecim
1567 2639 1797 2688 annos
1861 2614 2135 2688 confici
2187 2614 2400 2708 iussi,
2465 2613 2947 2712 quamobrem
3000 2622 3208 2696 nolui
3252 2625 3453 2703 illam

682 2773 1052 2853 repetere,
1113 2780 1338 2851 quum
1394 2753 1567 2828 icon
1619 2777 1876 2825 omnes
1924 2771 2161 2848 partes
2210 2752 2497 2851 plantae
2542 2749 2768 2822 sistat.
2882 2756 3205 2850 Capsula
3264 2760 3458 2860 picta

678 2908 954 2961 tantum
1002 2886 1407 2987 discrepat,
1455 2887 1532 2959 in
1579 2884 2009 2987 peristomio
2051 2886 2341 2960 interno
2384 2885 2554 2960 cilia
2590 2886 2778 2960 trina
2815 2916 3107 2987 geren-⁶3,
3158 2895 3457 2971 tertium

682 3034 958 3119 minus,
1003 3048 1193 3124 quae
1238 3049 1413 3097 vero
1466 3020 1767 3097 variatio
1818 3047 1966 3094 non
2024 3021 2203 3094 tanti
2252 3021 2610 3095 momenti
2664 3041 2794 3098 est.

1014 3187 1291 3262 Habitu
1343 3185 1561 3263 valde
1606 3189 1844 3263 simile
1894 3210 2002 3263 est
2050 3187 2198 3261 hoc
2246 3186 2576 3287 hypnum
2625 3192 3014 3280 intricata,
3052 3190 3183 3265 sed
3223 3192 3300 3267 in
3346 3198 3459 3269 in-

683 3329 951 3399 tricato
991 3347 1281 3421 semper
1330 3323 1629 3421 capsula
1674 3325 1992 3422 oblonga
2039 3321 2158 3395 vel
2210 3341 2457 3416 ovata,
2505 3351 2656 3398 non
2703 3346 2914 3398 ovata
2947 3325 3192 3400 brevis
3208 3353 3229 3423 3
3285 3329 3457 3405 folia

681 3487 832 3535 non
885 3484 1019 3561 per
1073 3484 1372 3533 omnem
1418 3458 1820 3557 marginem
1869 3457 2237 3532 lateralem
2278 3478 2585 3551 serrata,
2637 3477 2711 3531 et
2755 3459 2977 3531 caulis
3032 3461 3457 3559 pedunculo

684 3622 836 3672 non
863 3592 1217 3690 brevior,
1252 3619 1388 3668 nec
1442 3594 1964 3694 subpinnatus‚
2019 3571 2450 3692 operculum
2492 3594 2754 3688 breve,
2808 3616 3129 3674 acutum.

792 3800 974 3876 Tab.
1017 3799 1617 3878 CCLXXXVII.
1646 3800 1720 3876 b.
1772 3800 1900 3897 fig.
1939 3825 1998 3873 1.
2046 3797 2288 3899 planta
2322 3799 2634 3872 naturali
2669 3800 3187 3900 magnitudine.
3232 3803 3353 3904 fig.
3392 3836 3460 3884 α.

895 3936 1124 4012 caulis
1170 3963 1337 4037 pars
1396 3963 1566 4011 cum
1622 3962 1859 4027 ramo,
1924 3937 2108 4009 flore
2156 3935 2519 4029 masculo,
2585 3954 2656 4008 et
2712 3936 3091 4010 fructifero
3142 3941 3462 4018 femineo

902 4090 1108 4146 aucta
1152 4092 1284 4147 ter.
1360 4074 1481 4170 fig.
1515 4078 1580 4147 3.
1640 4070 1815 4143 folia
1870 4092 2076 4145 aucta
2110 4069 2542 4173 quinquies.
2617 4072 2739 4168 fig.
2769 4076 2838 4145 4.
2882 4072 3106 4167 basis,
3175 4079 3244 4148 5.
3289 4104 3469 4177 apex

1026 4206 1169 4261 Tab.
1208 4205 1639 4265 chxxxvn.
1675 4208 1730 4259 b.
