4232 5385
878 685 969 760 ti:
1023 684 1224 780 fidia
1266 677 2097 778 oblongo-lanceolata,
2153 678 2604 749 acuminata:
2657 678 2939 773 pistillo
2990 673 3332 772 eopiosa,
3403 673 3647 748 fusca:

857 820 1326 917 paraplyoeo
1383 815 1808 909 filiformes,
1877 811 2228 916 hyalinae.
2341 813 2733 908 Vagimda
2784 809 3029 909 paullo
3083 808 3381 884 brevior
3427 835 3650 908 qnam

868 952 1198 1053 capsula,
1255 970 1482 1043 teres,
1524 947 1782 1038 laevis,
1832 946 2169 1040 enrvula,
2206 944 2640 1044 ferruginea.
2742 948 3182 1018 Peduneulus
3229 943 3654 1017 semuncia-

868 1090 999 1181 lis,
1067 1107 1394 1180 erectus,
1455 1080 1936 1181 ferrugineus.
2049 1083 2370 1177 (hpsula
2412 1099 2640 1171 tereS,
2709 1101 2946 1155 erecta
3006 1079 3371 1179 aequalis,
3428 1104 3656 1177 quan·

875 1221 1496 1322 doque-curvam,
1546 1218 1847 1314 sulcata,
1896 1213 2599 1312 ferrugineo-fusca.

1181 1352 1467 1426 Plantae
1519 1346 1774 1449 quoad
1821 1373 2046 1447 genus
2096 1346 2529 1445 ambigitur,
2594 1375 2764 1422 nam
2811 1348 3225 1447 peristomii
3276 1343 3647 1421 interiori·

869 1487 1298 1565 membrana
1332 1482 1630 1582 longior
1669 1508 1891 1582 quam
1943 1482 2022 1556 in
2055 1480 2429 1571 Neckera,
2481 1481 2812 1558 dentium
2857 1510 3028 1558 vero
3069 1484 3306 1581 figura
3353 1500 3428 1555 et
3470 1506 3649 1555 eon-

865 1642 1103 1697 textus
1143 1619 1387 1721 potius
1432 1614 1805 1691 Neekerae
1846 1635 1972 1690 est.
2078 1613 2311 1689 Nolui
2356 1636 2598 1693 tamen
2637 1647 2677 1692 a
2712 1639 3009 1717 recepta
3057 1615 3650 1692 denominatione

870 1754 1253 1850 recedere,
1321 1748 1550 1855 iluum
1591 1750 1998 1851 perfeetum
2045 1746 2378 1824 nondum
2429 1753 2646 1828 detur
2693 1754 3192 1854 peristomium
3235 1753 3651 1844 internum3

863 1889 1010 1966 hoe
1084 1887 1586 1998 qualecunque
1652 1905 1889 1958 tamen
1967 1884 2476 1982 peristomium
2538 1891 2849 1978 sufficit,
2931 1911 3014 1963 ut
3076 1890 3650 1975 demonstretur,

861 2025 1060 2098 hunc
1112 2048 1446 2096 museum
1482 2048 1633 2097 non
1689 2044 1901 2118 posse
1950 2016 2205 2091 referri
2246 2017 2336 2092 ad
2375 2011 2831 2100 Climaeium.

959 2155 1145 2230 Tah.
1181 2155 1546 2231 CCLXX.
1602 2158 1721 2253 fig.
1764 2183 1819 2225 ι.
1874 2154 2107 2251 planta
2144 2152 2465 2229 feminea
2502 2160 2808 2233 naturali
2841 2158 3362 2258 magnitudine.
3430 2161 3644 2257 [iga.

1068 2291 1331 2365 ramuli
1382 2316 1546 2392 pars
1598 2316 1769 2364 eum
1820 2290 2004 2360 flore
2065 2286 2407 2365 femineo.
2483 2292 2607 2391 fig.
2653 2296 2725 2367 5.
2791 2293 3055 2368 folium
3115 2294 3520 2389 caulinum,
3574 2300 3642 2369 4.
3720 2294 3735 2306 ’

1068 2425 1263 2500 folia·
1307 2450 1546 2499 ramea
1610 2443 1818 2498 aucta
1877 2441 2153 2521 quater.
2229 2423 2357 2521 fig.
2398 2425 2469 2502 5.
2521 2427 2687 2501 folii
2743 2431 2966 2505 ramei
3030 2430 3260 2527 basis,
3329 2434 3403 2505 6.
3460 2427 3685 2529 apex'

1065 2562 1255 2633 aucti
1314 2559 1540 2635 56ies.
1614 2558 1732 2656 fig.
1769 2584 1833 2652 7.
1880 2557 2220 2655 vaginula
2267 2584 2436 2633 eum
2481 2561 2666 2639 folio
2711 2585 3044 2662 externo,
3116 2570 3185 2638 8.
3233 2564 3499 2639 folium
3528 2563 3643 2636 in-

1067 2716 1356 2771 ternum
1404 2692 1705 2796 calyeis‚
1756 2711 1965 2765 aneta
2001 2708 2281 2793 quater.
2310 2694 2467 2794 ὣς.
2502 2721 2569 2792 9.
2619 2661 2951 2806 capsula,
3022 2727 3127 2775 ιο.
3182 2699 3640 2799 operculum,

1080 2858 1191 2903 ιι.
1249 2833 1573 2932 calyptra
1631 2849 1884 2903 auctae
1945 2846 2226 2926 quater.
2309 2831 2427 2928 fig.
2486 2858 2597 2911 12.
2663 2835 2957 2929 annuli,
3064 2842 3174 2913 15.
3224 2834 3638 2934 peristomii

1074 2989 1273 3060 pars,
1335 2970 1444 3039 14.
1485 2962 1755 3037 interni
1811 2959 2252 3060 peristomii,
2300 2963 2430 3039 sed
2476 2965 2571 3040 ad
2609 2966 2864 3044 dentes
2903 2969 3118 3066 laesi,
3171 2998 3337 3071 pars
3383 2989 3635 3045 auctae

1069 3098 1294 3172 fifiies.

3556 5363 4110 5382 --—fl-h*-
