4232 5385
835 655 1080 782 psulae
1113 672 1448 748 diametri
1484 693 1922 745 transversae
1961 667 2383 763 altitudine,
2429 669 2767 767 capsulae
2816 662 3190 739 concolor.
3261 669 3615 762 Cab‘ptra

837 785 1198 904 subulam,
1244 810 1467 880 latere
1507 804 1708 900 fissa‘,
1751 804 2040 883 albida..
2112 806 2633 880 Perzlstomium
2675 820 3061 880 externum
3098 800 3419 874 siccitate
3474 823 3625 873 ere·

840 969 1039 1023 ctum
1093 965 1218 1017 aut
1269 942 1832 1036 subrecurvum,
1882 940 2254 1013 internum
2300 959 2620 1012 erectum
2636 995 2662 1031 ,
2713 966 2967 1039 parum
2999 936 3436 1013 connivens:
3485 961 3630 1006 ex·-

846 1086 1039 1155 terni
1083 1084 1332 1150 dentes
1382 1074 2139 1170 lineari-lanceolati‚
2209 1071 2632 1167 transversi,
2699 1087 2994 1167 tenues,
3044 1068 3435 1174 pellucidi‚
3489 1069 3633 1142 sul-

850 1218 953 1292 cis
1005 1211 1461 1313 paucioribus
1475 1267 1500 1302 ,
1574 1215 1686 1284 vix
1775 1208 2133 1303 sedecim,
2203 1233 2242 1281 e
2291 1205 2559 1307 pallide
2601 1208 3032 1281 flavescente
3098 1204 3288 1278 albi:
3359 1206 3636 1276 interni

855 1316 1098 1423 (lentes
1134 1343 1445 1420 externis
1481 1345 1814 1442 aequales
1837 1398 1858 1437 ,
1895 1360 2047 1415 non
2075 1341 2460 1442 perforati,
2492 1341 2812 1440 margine
2844 1338 3189 1441 repandi,
3237 1339 3397 1412 basi
3429 1337 3637 1412 brevi

858 1503 1135 1558 tantum
1193 1478 1618 1550 membrana
1661 1478 1991 1571 connati,
2041 1475 2300 1551 albidi.

1168 1615 1418 1685 Genus
1469 1612 1752 1709 plantae
1798 1611 2041 1685 adhuc
2098 1611 2460 1685 incertum
2507 1628 2647 1706 est,
2708 1609 3000 1684 habitus
3068 1605 3416 1684 convenit
3466 1631 3642 1681 cum

862 1752 1194 1826 Neckcra
1226 1748 1695 1843 aplaclmoicle
1732 1747 2088 1846 supplem.
2141 1773 2193 1820 t.
2227 1762 2294 1820 2.
2347 1767 2388 1821 t.
2421 1746 2580 1838 62„
2626 1769 2809 1845 quae
2844 1769 3019 1818 vero
3060 1743 3315 1818 dentes
3339 1741 3649 1838 peristo-

863 1886 990 1958 mii
1027 1881 1292 1958 interni
1327 1880 1735 1974 breviores,
1787 1881 1944 1956 basi
1987 1898 2359 1976 separatos
2397 1899 2470 1951 et
2518 1879 2610 1951 ab
2657 1877 2973 1954 invicem
3018 1897 3341 1956 remotos
3382 1875 3651 1971 habeta}

863 2021 1076 2095 etiam
1127 2042 1296 2089 cum
1330 2013 1676 2087 Daltonia
1725 2016 2195 2111 splaclznoicle
2230 2012 2601 2109 Hookeri,
2658 2022 2844 2116 quae
2882 2039 3056 2091 vero
3094 2014 3421 2115 calyptra
3449 2038 3644 2088 cam-

866 2152 1200 2252 panulata
1232 2146 1546 2234 recedit3
1581 2146 1875 2219 taudem
1909 2174 2074 2220 cum
2113 2148 2657 2222 Actinodontio
2693 2172 2737 2224 t.
2781 2178 2802 2220 1
2824 2176 2980 2245 72„
3027 2148 3237 2232 cuius
3268 2174 3439 2223 vero
3472 2146 3651 2222 den·

783 2315 788 2327 ·
868 2309 976 2361 tes
1005 2284 1309 2357 alienam
1340 2281 1776 2356 structuram
1810 2302 2241 2354 monstrant.
2294 2282 2580 2356 Dantur
2610 2283 2914 2385 quidam
2946 2285 3071 2388 alii
3097 2282 3331 2364 musci
3359 2282 3510 2356 loci
3541 2282 3655 2354 in-

878 2421 1085 2515 certi,
1120 2444 1431 2516 quorum
1458 2436 1625 2513 post
1656 2415 2072 2489 ulteriorem
2095 2414 2603 2491 definitionem
2638 2417 2854 2492 ethic
2874 2418 3097 2493 etiam
3123 2415 3660 2493 retractabitur.

979 2552 1158 2627 Tab.
1204 2549 1684 2625 CCLXXII-l.
1744 2550 1859 2648 fig.
1905 2579 1960 2625 1.
2015 2550 2297 2649 plautae
2330 2552 2635 2626 naturali
2676 2552 3199 2651 magnitudine.
3266 2554 3394 2649 fig.
3431 2580 3498 2625 2.
3550 2580 3660 2626 ra-

1080 2716 1242 2762 mus
1289 2713 1456 2761 cum
1502 2684 1921 2785 pedunculo
1974 2684 2067 2757 ad
2134 2684 2289 2759 cius
2339 2685 2583 2784 basin,
2636 2708 2887 2764 auctus
2936 2711 3066 2767 ter.
3121 2690 3342 2788 fig.5.
3391 2688 3656 2764 folium

1084 2823 1346 2915 caulis,
1416 2832 1485 2896 4.
1533 2826 1672 2896 flos
1714 2822 2116 2910 masculus,
2170 2821 2363 2895 aucti
2411 2843 2681 2919 quater.
2752 2825 2876 2921 fig.
2917 2828 2988 2898 5.
3041 2822 3269 2917 basis,
3341 2828 3416 2898 6.
3470 2851 3659 2924 apex

1088 2924 1291 3053 folii,'
1323 2956 1515 3029 aucti
1549 2954 1778 3064 fitiieS.
1844 2956 1968 3052 fig.
2015 2985 2080 3046 7.
2115 2954 2375 3027 folium
2408 2957 2613 3029 floris
2645 2958 2950 3039 masculi
2976 2980 3275 3041 auctum
3300 2960 3667 3039 sedecies..

1086 3098 1211 3193 fig.
1251 3098 1318 3166 8.
1351 3089 1651 3165 anthera
1681 3088 2052 3186 iuvenilis,
2103 3116 2174 3186 9.
2202 3091 2340 3163 alia
2370 3091 2732 3165 emarcida
2758 3121 2928 3167 cum
2963 3093 3375 3195 paraphysi,
3408 3119 3664 3172 auctae

1085 3228 1311 3304 66ies.
1373 3227 1491 3325 fig.
1523 3249 1636 3305 10.
1679 3225 2007 3324 vaginula
2056 3254 2227 3299 cum
2266 3224 2450 3297 folio
2481 3226 2811 3329 calyciuo
2852 3227 3154 3306 intime.
3203 3253 3315 3305 ιι.
3361 3234 3657 3331 capsula

1088 3363 1334 3438 iunior
1361 3388 1530 3434 cum
1567 3360 1917 3457 operculo
1956 3358 2292 3451 detruso,
2349 3382 2460 3435 12.
2492 3363 2786 3461 capsula
2829 3360 3108 3455 adulta,
3162 3367 3276 3443 13.
3307 3367 3657 3468 calypti-a,

1087 3517 1338 3572 auctae
1371 3515 1651 3596 quater.
1700 3495 1824 3590 fig.
1866 3498 1977 3565 14.
2030 3490 2434 3591 peristomii
2467 3520 2633 3591 pars
2654 3518 2865 3571 aucta
2897 3496 3147 3571 octies.
3226 3502 3349 3597 fig.
3377 3505 3492 3574 ιδ.
3548 3522 3661 3577 to-

1093 3657 1250 3708 tum
1282 3628 1810 3732 peristomium,
1841 3654 1933 3702 eo
1964 3625 2315 3727 temporis
2347 3651 2719 3704 momento
2746 3632 3163 3728 lustratum,
3188 3660 3341 3732 quo
3371 3626 3677 3733 dentes,-

1089 3769 1224 3868 qui
1247 3765 1695 3860 maduerant,
1729 3790 1858 3863 per
1883 3762 2342 3838 subitaneam
2369 3764 2918 3841 exsiccationem
2945 3767 3132 3845 ultra
3153 3766 3458 3843 modum
3479 3794 3653 3849 con·

1093 3920 1377 3975 suetum
1416 3902 1658 3975 reflexi
1687 3921 1917 3987 erant,
1943 3917 2238 3971 auctum
2261 3898 2525 3975 dccieS.
2569 3903 2692 4002 fig.
2721 3907 2828 3982 16.
2860 3902 3041 3981 dens
3072 3903 3481 4005 peristomii
3513 3931 3671 3980 εις-ν

1082 4038 1313 4134 terni,
1383 4063 1406 4109 1
1430 4062 1492 4130 7.
1530 4033 1794 4113 interni
1826 4060 1990 4135 pars
2024 4055 2273 4111 auctae
2307 4038 2533 4117 56ies.
