4232 5385
1244 1151 1922 1240 HOOKERIA
1995 1152 2940 1236 ASPLENIOIDES.

1670 1332 1855 1407 Tah.
1912 1327 2395 1405 CCLXXVI.
2443 1331 2515 1405 b.

703 1562 1087 1631 n'oommn
1136 1546 1581 1633 subramosa,
1641 1536 1840 1612 foliis
1890 1533 2233 1607 bifariam
2289 1533 2693 1609 imbricatis
2753 1530 2981 1617 ovatis
3034 1530 3476 1604 mucronatis

916 1680 1472 1759 subbinervibus
1520 1670 1941 1771 marginatis
1988 1668 2296 1743 serratiS.

708 1818 1363 1927 Pterygophyllum
1412 1811 1863 1911 asplenoides
1916 1804 2122 1878 caule
2174 1800 2709 1902 procumbente
2768 1826 3233 1903 compress0‚
3304 1827 3477 1900 vage

918 1977 991 2032 et
1041 1979 1253 2056 parce
1305 1973 1638 2039 ramoso,
1703 1941 1899 2016 soliis
1958 1936 2501 2011 subimbricatis
2553 1934 2884 2010 distichis
2941 1935 3170 2009 ovatis
3235 1936 3480 2036 apicu-

914 2092 1073 2166 latis
1121 2077 1771 2185 spinoso-serratis
1804 2071 2297 2163 subenerviis,
2340 2070 2757 2146 lateralibus
2795 2069 3308 2168 patentissimis
3336 2096 3484 2141 ma-

902 2224 1204 2300 ioribus.
1254 2217 1458 2294 Brid.
1492 2209 1828 2288 mantissa
1861 2232 2080 2281 muse.
2127 2233 2195 2304 p.
2227 2210 2396 2279 151'.
2433 2203 2664 2297 bryol.
2701 2230 2767 2276 2.
2799 2230 2867 2300 p.
2902 2208 3070 2277 545.

711 2370 797 2440 In
853 2356 1210 2460 depressis
1254 2349 1585 2429 humidis
1625 2345 1902 2420 insulae
1949 2341 2431 2416 Borbonicae.
2521 2347 2612 2421 24.

1046 2495 1285 2569 caulis
1322 2482 1760 2573 triuncialis,
1811 2478 2092 2575 aliquot
2136 2502 2377 2551 ramos
2410 2499 2762 2551 exserens,
2868 2476 3085 2548 Folia
3128 2473 3280 2545 sere
3319 2496 3491 2568 qua.

716 2657 883 2712 tuor
930 2651 1053 2704 aut
1097 2654 1218 2703 sex
1259 2621 1644 2714 ordinum,
1693 2611 2091 2706 verticalia,
2140 2610 2475 2686 bifariam
2522 2608 2940 2702 imbricata,
2991 2606 3309 2679 lateralia
3362 2633 3491 2706 pa-

682 2761 1030 2847 tentiora
1098 2785 1170 2839 et
1232 2759 1549 2849 maiora,
1622 2749 1985 2825 anteriora
2054 2767 2127 2821 et
2176 2746 2582 2846 posteriora
2642 2743 2929 2815 minora
2993 2762 3066 2815 et
3122 2743 3492 2829 breviora,

716 2925 963 2997 ovata,
1029 2901 1193 2973 basi
1256 2910 1663 2982 attenuata,
1735 2885 1942 2984 apice
1999 2884 2078 2954 in
2142 2906 2570 2955 mucronem
2633 2881 2973 2970 brevem,
3038 2901 3250 2975 saepe
3310 2873 3496 2949 obli-

719 3065 948 3142 quum
993 3051 1406 3120 contracta,
1460 3022 1903 3122 inaequalia,
1960 3016 2449 3117 planiuscula,
2505 3016 2829 3113 margine
2861 3015 3005 3085 lato
3035 3011 3311 3103 cincta,
3356 3033 3520 3086 serr

718 3193 908 3263 rata,
960 3191 1177 3250 cana:
1245 3188 1470 3238 nervo
1516 3160 1726 3247 fisso,
1784 3152 2258 3226 brevissimo:
2324 3148 2607 3222 cellulis
2654 3146 3097 3244 hexagonis,
3139 3165 3221 3216 ut
3252 3143 3493 3240 itaque

718 3307 1090 3380 mniorum
1138 3296 1401 3370 similia
1432 3293 1592 3366 sint.
1702 3292 2049 3364 Caeterae
2094 3303 2328 3383 partes
2378 3281 2660 3357 desunt.

1051 3431 1424 3507 Hookeria
1474 3425 1955 3523 asplenioides
1996 3418 2286 3494 Arnott.
2333 3442 2620 3521 synops.
2667 3441 2892 3489 musc-
2943 3441 3011 3512 p.
3043 3414 3159 3487 56.
3209 3409 3499 3487 videtur

733 3577 1025 3652 diflerre
1078 3599 1119 3644 a
1168 3563 1621 3651 Brideliana‚
1690 3564 1820 3656 qui
1881 3557 1957 3628 in
2006 3552 2234 3625 literis
2283 3552 2374 3626 ad
2421 3579 2539 3627 me
2590 3558 2875 3642 monet,
2943 3546 3120 3620 huic
3184 3545 3503 3619 adscribi

732 3712 1000 3785 debere
1057 3703 1345 3778 Mnium
1395 3697 1795 3769 subenerve
1839 3688 2107 3766 Hedw.
2142 3688 2377 3787 suppl.
2422 3718 2478 3762 x.
2512 3715 2584 3762 2.
2637 3707 2685 3758 t.
2728 3711 2880 3780 79„
2931 3683 3137 3785 quod
3179 3708 3354 3756 vero
3399 3683 3502 3755 nil

730 3842 932 3918 aliud
966 3866 1117 3915 esse
1144 3832 1492 3933 cognovi,
1546 3857 1765 3929 quam
1807 3826 2161 3901 ramulum
2199 3821 2622 3898 Hookeriae
2673 3819 2727 3890 s.
2760 3820 3082 3896 Leskeae
3131 3823 3500 3891 cristatae.

730 3977 987 4062 Hedw.
1020 3999 1213 4075 spec.
1242 3994 1464 4041 musc.
1511 3987 1561 4038 t.
1597 3971 1720 4058 49.

1060 4108 1202 4160 Tab.
1247 4100 1596 4157 CCLxxvl.
1630 4101 1685 4150 b.
