4232 5385
1140 1249 1675 1329 HYPNUM
1741 1254 2561 1337 FREYCINETI.
2654 1340 2664 1349 ,

1439 1422 1625 1500 Tab.
1681 1427 2163 1507 CCLXXIX.
2211 1430 2285 1510 h.

462 1649 776 1702 numm
836 1623 1232 1729 ascendens
1296 1628 1633 1725 simplex,
1693 1631 1896 1708 foliis
1943 1633 2359 1735 patentibus
2413 1630 2752 1728 oblongis
2807 1629 3234 1701 acuminatis

671 1761 989 1866 obliquis
1034 1760 1450 1858 marginatis
1499 1766 2048 1865 ruptinervibus
2099 1765 2608 1868 integerrimis.

464 1932 758 2007 Mnium
798 1934 1279 2028 giganteum,
1321 1930 1525 2005 caule
1568 1932 1889 2035 simplici
1934 1937 2252 2037 praealto
2299 1936 2575 2029 (4--6
2621 1931 2828 2031 poll.)
2877 1927 3083 2001 foliis·
3115 1954 3236 2025 pa·
3297 1921 3303 1927 ’

672 2066 991 2143 tentibus
1023 2062 1292 2142 ovatis:
1343 2066 1844 2146 terminalibus
1881 2073 2206 2147 stellatis.
2260 2065 2873 2167 Schwaegrichen
2906 2064 2986 2136 in
3017 2062 3238 2162 Frey-

673 2201 889 2276 einet.
924 2198 1097 2273 ltin.
1147 2221 1280 2299 per
1333 2201 1591 2275 orbem
1654 2229 1715 2277 1.
1755 2233 1829 2304 p.
1863 2230 2032 2298 227.

469 2373 559 2447 In
627 2366 881 2442 insulis
945 2362 1587 2444 Sandwicensibus
1652 2368 1772 2446 alt.
1841 2375 1888 2442 3
1919 2413 2024 2429 —
2058 2374 2226 2443 400.
2301 2369 2556 2467 hexap.
2599 2365 2780 2462 legit.
2829 2362 2918 2436 cl.
2965 2357 3240 2433 Gaudi-

669 2501 941 2578 chaud.
997 2525 1089 2598 η..

800 2665 1120 2740 Habitus
1167 2663 1421 2763 aliquo
1448 2663 1677 2741 modo
1712 2665 1943 2771 hypni
1971 2673 2381 2746 acicularis.
2455 2669 2695 2743 Caulis
2727 2662 3240 2763 spithamaeuS,

470 2801 912 2896 ascendens,
976 2798 1316 2897 simplex,
1379 2799 1581 2875 foliis
1642 2824 1716 2877 et
1764 2806 1973 2880 basin
2033 2832 2285 2882 versus
2337 2806 2558 2880 etiam
2607 2797 2947 2874 radiculis
2990 2812 3242 2868 tectus.

471 2944 693 3019 Folia
719 2956 920 3013 recto
970 2934 1235 3033 angulo
1286 2936 1643 3034 patentia,
1698 2937 1958 3036 densa,
2013 2941 2375 3041 oblonga,
2424 2939 2503 3011 in
2545 2959 2852 3010 acumen
2900 2925 3241 3024 sextuplo

471 3074 768 3151 brevius
820 3096 1041 3169 quam
1089 3069 1355 3143 folium
1401 3070 1769 3170 reliquum
1817 3094 2222 3169 attenuata,
2291 3093 2590 3175 propter
2645 3068 2851 3144 basin
2899 3065 3246 3162 inaequa-

472 3212 621 3286 lem
686 3205 1033 3307 obliqua,
1125 3202 1451 3302 margine
1526 3230 1765 3280 crasso
1844 3229 1918 3282 et
1982 3210 2175 3302 lato,
2279 3203 2789 3305 integerrimo,
2882 3197 3244 3270 undulato

477 3335 753 3436 cincta,
815 3364 1119 3414 amoene
1168 3338 1470 3412 viridia:
1560 3367 1787 3416 nervo
1846 3368 2128 3433 crasso,
2196 3362 2362 3418 aute
2413 3340 2701 3437 apicem
2748 3345 3246 3418 evanescente,

479 3477 897 3555 concolori:
962 3473 1247 3552 cellulis
1295 3472 1726 3574 hexagonis,
1786 3457 2222 3550 basilaribus
2262 3466 2999 3574 paullumelongatis.

809 3643 1112 3719 Muscus
1166 3647 1258 3720 de
1309 3646 1519 3720 cuius
1564 3669 1832 3745 genere
1878 3641 2202 3716 dubitari
2252 3662 2529 3741 potest,
2577 3622 2926 3715 foliorum
2965 3629 3247 3707 cellulis

481 3783 743 3877 Mniis,
776 3779 1133 3883 foliorum
1182 3780 1421 3853 forma
1468 3779 1849 3878 irregulari
1898 3778 2146 3880 potius
2195 3775 2554 3851 Neckeris
2603 3773 2883 3848 similis.
2952 3765 3250 3842 Maneat

482 3919 671 3992 inter
720 3915 1025 4018 Hypna,
1084 3940 1319 4016 usque
1367 3913 1547 3989 dum
1587 3916 1863 3989 fructus
1906 3915 2386 3989 innotescant.
2451 3909 2576 3983 ‘Si
2619 3909 2738 3984 vel
2779 3903 3090 3979 maxime
3137 3923 3255 3998 ge-

484 4050 816 4126 nericum
871 4073 1145 4123 nomen
1206 4049 1637 4126 mutandum
1701 4049 1828 4150 sit,
1900 4048 2310 4126 servabitur
2374 4065 2613 4119 tamen
2681 4039 3109 4144 speeiflcum
3173 4032 3253 4107 iu

818 4182 960 4237 Tab.
1000 4184 1466 4243 CCLXXIX..b.
