4232 5385
1375 1146 1909 1232 HYPNUM
1985 1145 2819 1229 OXYCLADON.
3161 1066 3504 1223 {niuis
3558 1087 3620 1211 ἦ
3699 986 3918 1201 ‘5250
4026 994 4107 1237 a)

1617 1325 1798 1398 Tab.
1846 1322 2371 1451 CCLJfXXV.
2442 1321 2521 1395 1).

662 1574 969 1630 nmmum
1019 1571 1323 1648 repens:
1400 1539 1619 1617 ramis
1667 1534 2110 1637 cuspidatis,
2170 1536 2365 1609 foliis
2432 1533 2701 1609 strictis
2755 1536 3455 1615 ovato-acuminatis
3596 1605 3606 1614 .
3840 1476 3995 1610 ik.

868 1684 1217 1762 histriatis
1261 1676 1808 1781 ruptinervibns
1857 1670 2356 1767 denticulatis,
2407 1669 2760 1770 operculo
2809 1667 3093 1742 conico.

670 1830 1017 1931 Hypnum
1052 1820 1475 1915 oxycladon.
1524 1808 1787 1885 Hedw.
1816 1809 2054 1909 suppl.
2072 1833 2390 1881 muscor.
2423 1834 2482 1877 1.
2511 1832 2578 1879 2.
2611 1834 2686 1905 p.
2720 1810 2887 1879 231.
2929 1803 3161 1880 descr-
3182 1808 3447 1888 -Brid

865 1955 1171 2034 muscol.
1203 1951 1447 2051 suppl.
1489 1977 1553 2023 2.
1606 1975 1674 2047 p.
1724 1948 1884 2019 125.
3601 1980 3808 2095 V

660 2101 750 2176 In
799 2089 1303 2171 Pensilvaniae
1353 2083 1661 2184 rupibus
1710 2082 1982 2175 legerat
2029 2079 2283 2152 beatus
2332 2074 2844 2173 Mhhlenberg.
2898 2082 2989 2157 21..

994 2220 1459 2322 Compar-atis
1506 2213 2034 2314 speciminibus
2067 2211 2406 2311 pluribus
2450 2207 2871 2306 descriptio,
2925 2209 3220 2307 quaein
3248 2210 3446 2289 Hed.

657 2369 860 2469 wigii
913 2356 1405 2464 supplementi
1455 2351 1678 2453 primi
1727 2369 1933 2448 parte
1985 2344 2306 2420 secunda
2375 2343 2542 2417 data
2595 2365 2737 2438 est,
2802 2343 3052 2442 augeri
3106 2343 3329 2423 debet
3376 2372 3451 2425 et

655 2500 1114 2605 pingendum
1150 2492 1403 2569 curavi
1435 2485 1812 2589 specimen
1855 2481 2072 2559 ramis
2104 2479 2439 2580 plurimis
2474 2500 2775 2553 tectum.
2848 2481 3089 2553 caulis
3139 2486 3446 2561 uncialis

656 2659 783 2713 aut
839 2632 1222 2708 biuncialis
1274 2648 1574 2727 repenS,
1640 2618 1821 2692 rami
1875 2614 2370 2716 approximati
2418 2613 2872 2716 quandoque
2927 2613 3080 2687 fere
3146 2616 3448 2694 fascicu-

659 2773 831 2868 lati,
880 2772 1051 2844 alias
1100 2758 1561 2865 subpinnati,
1603 2755 1834 2831 medii
1882 2752 2143 2846 erecti,
2198 2750 2613 2827 terminales
2664 2750 3255 2848 procumbentes,
3283 2758 3446 2854 plu.

659 2905 830 2982 rimi
870 2904 1280 3004 simplices,
1335 2894 1636 2998 quidam
1686 2888 1988 2982 ramosi,
2057 2907 2324 2962 exeunt
2376 2888 2452 2960 in
2506 2887 2750 2985 apices
2805 2904 3062 2957 acutos
3119 2888 3215 2959 ob
3264 2890 3442 2966 folia

658 3043 905 3116 stricta
964 3061 1035 3114 et
1085 3031 1577 3111 conniventia.
1673 3030 1888 3102 Folia
1944 3023 2675 3112 ovato-acuminata,
2739 3019 3281 3097 evidentissime
3331 3027 3441 3099 hi.

660 3178 942 3267 striata,
1008 3195 1136 3263 ut,
1189 3171 1309 3246 vel
1356 3170 1552 3241 lente
1605 3133 1825 3237 vitrea
1872 3160 2115 3231 minus
2167 3183 2529 3250 convexa,
2570 3156 2795 3268 ‘striae
2848 3155 3104 3226 oculos
3154 3155 3442 3258 feriant,

558 3384 571 3395 ,
661 3309 935 3402 nitida,
990 3301 1556 3394 luteo-viridia,
1627 3316 1750 3372 aut
1786 3296 2316 3366 luteo-aurea:
2381 3317 2610 3367 nervo
2641 3315 2888 3365 versus
2943 3287 3230 3387 api'cem
3275 3318 3444 3396 eya..

660 3463 1043 3538 nescente,
1091 3437 1513 3516 concolori:
1590 3428 1878 3508 cellulis
1929 3426 2748 3527 oblongo-linearibus,
2802 3423 3229 3498 basilaribus
3278 3430 3446 3502 sub.

664 3580 1055 3683 quadratis.
1137 3581 1390 3653 Flore-s
1435 3570 1529 3646 ad
1570 3571 1854 3644 caulem
1902 3586 1975 3640 et
2018 3563 2226 3636 basin
2273 3589 2645 3636 ramorum
2700 3559 3078 3635 monoeci:
3148 3571 3496 3684 masculi·

666 3744 882 3816 supra
930 3714 1288 3788 femineos
1336 3710 1769 3810 plerumque
1821 3702 2013 3796 nati,
2083 3700 2423 3797 oblongi,
2489 3696 2725 3792 acuti,
2796 3695 3164 3795 longiores
3212 3720 3287 3773 et
3343 3722 3448 3775 te.

664 3854 961 3928 nuiores
1023 3875 1240 3949 saepe
1301 3872 1521 3946 quam
1583 3839 1906 3916 feminei.
2011 3840 2229 3912 Folia
2296 3838 2631 3930 calycina
2696 3831 3021 3920 enervia,
3067 3837 3446 3911 antherae

665 3989 1232 4077 tereti-ovatae,
1292 3981 1597 4072 virides,
1653 3976 1860 4051 senio
1900 3974 2181 4067 fuscae,
2234 3971 2706 4069 Pamphy-ses
2749 3968 3167 4061 filiformes,
3218 3969 3450 4072 hyali:

660 4152 819 4199 nae.
918 4123 1255 4199 Feminei
1287 4122 1509 4213 floris
1549 4117 1747 4208 folia
1792 4110 2142 4186 interiora
2192 4135 2231 4182 e
2285 4108 2427 4181 lata
2485 4104 2744 4180 lineari
2794 4104 2946 4178 basi
2996 4103 3073 4176 in
3132 4131 3436 4182 acumen

989 4256 1136 4312 Tab.
1172 4253 1575 4311 CCLXXXV.
1624 4251 1680 4305 b.
